@misc{balazadeh-chidambaram-nguyen-krishman-syrgkanis:2024,
      title={Sequential Decision Making with Expert Demonstrations under Unobserved Heterogeneity}, 
      author={Balazadeh, Vahid and Chidambaram, Keertana and Nguyen, Viet and Krishnan, Rahul G. and Syrgkanis, Vasilis},
      year={2024},
      eprint={2404.07266},
      archivePrefix={arXiv},
      primaryClass={cs.LG},
      url={https://arxiv.org/abs/2404.07266}, 
}

@misc{slivkins:2024,
      title={Introduction to Multi-Armed Bandits}, 
      author={Slivkins, Aleksandrs},
      year={2024},
      eprint={1904.07272},
      archivePrefix={arXiv},
      primaryClass={cs.LG},
      url={https://arxiv.org/abs/1904.07272}, 
}

@misc{grill-strub-altche-tallec-richemond-buchatskaya-doersch-pires-guo-azar-piot-kavukcuoglu-munos-valko:2020,
      title={Bootstrap your own latent: A new approach to self-supervised Learning}, 
      author={Grill, Jean-Bastien and Strub, Florian and Altché, Florent and Tallec, Corentin and Richemond, Pierre H. and Buchatskaya, Elena and Doersch, Carl and Pires, Avila Bernardo and Guo, Zhaohan Daniel and Azar, Gheshlaghi Mohammad and Piot, Bilal and Kavukcuoglu, Koray and Munos, Rémi and Valko, Michal},
      year={2020},
      eprint={2006.07733},
      archivePrefix={arXiv},
      primaryClass={cs.LG},
      url={https://arxiv.org/abs/2006.07733}, 
}

@misc{bardes-garrido-ponce-chen-rabbat-lecun-assran-ballas:2024,
      title={Revisiting Feature Prediction for Learning Visual Representations from Video}, 
      author={Bardes, Adrien and Garrido, Quentin and Ponce, Jean and Chen, Xinlei and Rabbat, Michael and LeCun, Yann and Assran, Mahmoud and Ballas, Nicolas},
      year={2024},
      eprint={2404.08471},
      archivePrefix={arXiv},
      primaryClass={cs.CV},
      url={https://arxiv.org/abs/2404.08471}, 
}

@misc{assran-duval-misra-bojanowski-vincent-rabbat-lecun-ballas:2023,
      title={Self-Supervised Learning from Images with a Joint-Embedding Predictive Architecture}, 
      author={Assran, Mahmoud and Duval, Quentin and Misra, Ishan and Bojanowski, Piotr and Vincent, Pascal and Rabbat, Michael and LeCun, Yann and Ballas, Nicolas},
      year={2023},
      eprint={2301.08243},
      archivePrefix={arXiv},
      primaryClass={cs.CV},
      url={https://arxiv.org/abs/2301.08243}, 
}

